%YAML 1.1
%TAG !u! tag:unity3d.com,2011:
--- !u!1 &486980875488540208
GameObject:
  m_ObjectHideFlags: 0
  m_CorrespondingSourceObject: {fileID: 0}
  m_PrefabInstance: {fileID: 0}
  m_PrefabAsset: {fileID: 0}
  serializedVersion: 6
  m_Component:
  - component: {fileID: 905496846532846901}
  - component: {fileID: 318331306603880826}
  - component: {fileID: 766107127141430313}
  - component: {fileID: 8820607897140372510}
  - component: {fileID: 8726774594526972307}
  - component: {fileID: 4878263985066433460}
  - component: {fileID: 7910724514451635795}
  m_Layer: 0
  m_Name: table-shap-e
  m_TagString: Untagged
  m_Icon: {fileID: 0}
  m_NavMeshLayer: 0
  m_StaticEditorFlags: 0
  m_IsActive: 1
--- !u!4 &905496846532846901
Transform:
  m_ObjectHideFlags: 0
  m_CorrespondingSourceObject: {fileID: 0}
  m_PrefabInstance: {fileID: 0}
  m_PrefabAsset: {fileID: 0}
  m_GameObject: {fileID: 486980875488540208}
  m_LocalRotation: {x: -0, y: -1, z: -0, w: 0}
  m_LocalPosition: {x: 0.60800004, y: 0.65, z: 1.0409999}
  m_LocalScale: {x: 0.14046152, y: 0.14046152, z: 0.14046152}
  m_ConstrainProportionsScale: 0
  m_Children:
  - {fileID: 3128497942963928490}
  - {fileID: 8425427990134641142}
  - {fileID: 7513884897200064611}
  m_Father: {fileID: 0}
  m_RootOrder: -1
  m_LocalEulerAnglesHint: {x: 0, y: 0, z: 0}
--- !u!114 &318331306603880826
MonoBehaviour:
  m_ObjectHideFlags: 0
  m_CorrespondingSourceObject: {fileID: 0}
  m_PrefabInstance: {fileID: 0}
  m_PrefabAsset: {fileID: 0}
  m_GameObject: {fileID: 486980875488540208}
  m_Enabled: 1
  m_EditorHideFlags: 0
  m_Script: {fileID: 11500000, guid: 43f86b14a27b52f4f9298c33015b5c26, type: 3}
  m_Name: 
  m_EditorClassIdentifier: 
  _transferOnSecondSelection: 0
  _addNewPointsToFront: 0
  _forwardElement: {fileID: 0}
  _oneGrabTransformer: {fileID: 766107127141430313}
  _twoGrabTransformer: {fileID: 8820607897140372510}
  _targetTransform: {fileID: 0}
  _maxGrabPoints: -1
--- !u!114 &766107127141430313
MonoBehaviour:
  m_ObjectHideFlags: 0
  m_CorrespondingSourceObject: {fileID: 0}
  m_PrefabInstance: {fileID: 0}
  m_PrefabAsset: {fileID: 0}
  m_GameObject: {fileID: 486980875488540208}
  m_Enabled: 1
  m_EditorHideFlags: 0
  m_Script: {fileID: 11500000, guid: 3236b8f205019504589358e7e0412a38, type: 3}
  m_Name: 
  m_EditorClassIdentifier: 
--- !u!114 &8820607897140372510
MonoBehaviour:
  m_ObjectHideFlags: 0
  m_CorrespondingSourceObject: {fileID: 0}
  m_PrefabInstance: {fileID: 0}
  m_PrefabAsset: {fileID: 0}
  m_GameObject: {fileID: 486980875488540208}
  m_Enabled: 1
  m_EditorHideFlags: 0
  m_Script: {fileID: 11500000, guid: b053556d972eae24b947c1477538bff1, type: 3}
  m_Name: 
  m_EditorClassIdentifier: 
  _constraints:
    ConstraintsAreRelative: 0
    MinScale:
      Constrain: 0
      Value: 0
    MaxScale:
      Constrain: 0
      Value: 0
    ConstrainXScale: 1
    ConstrainYScale: 0
    ConstrainZScale: 0
--- !u!54 &8726774594526972307
Rigidbody:
  m_ObjectHideFlags: 0
  m_CorrespondingSourceObject: {fileID: 0}
  m_PrefabInstance: {fileID: 0}
  m_PrefabAsset: {fileID: 0}
  m_GameObject: {fileID: 486980875488540208}
  serializedVersion: 4
  m_Mass: 1
  m_Drag: 0
  m_AngularDrag: 0.05
  m_CenterOfMass: {x: 0, y: 0, z: 0}
  m_InertiaTensor: {x: 1, y: 1, z: 1}
  m_InertiaRotation: {x: 0, y: 0, z: 0, w: 1}
  m_IncludeLayers:
    serializedVersion: 2
    m_Bits: 0
  m_ExcludeLayers:
    serializedVersion: 2
    m_Bits: 0
  m_ImplicitCom: 1
  m_ImplicitTensor: 1
  m_UseGravity: 0
  m_IsKinematic: 1
  m_Interpolate: 0
  m_Constraints: 0
  m_CollisionDetection: 0
--- !u!114 &4878263985066433460
MonoBehaviour:
  m_ObjectHideFlags: 0
  m_CorrespondingSourceObject: {fileID: 0}
  m_PrefabInstance: {fileID: 0}
  m_PrefabAsset: {fileID: 0}
  m_GameObject: {fileID: 486980875488540208}
  m_Enabled: 1
  m_EditorHideFlags: 0
  m_Script: {fileID: 11500000, guid: 1bedaac29a943f844a7074b53c8bdf9f, type: 3}
  m_Name: 
  m_EditorClassIdentifier: 
  _grabbable: {fileID: 318331306603880826}
  _rigidbody: {fileID: 8726774594526972307}
  _scaleMassWithSize: 1
--- !u!65 &7910724514451635795
BoxCollider:
  m_ObjectHideFlags: 0
  m_CorrespondingSourceObject: {fileID: 0}
  m_PrefabInstance: {fileID: 0}
  m_PrefabAsset: {fileID: 0}
  m_GameObject: {fileID: 486980875488540208}
  m_Material: {fileID: 0}
  m_IncludeLayers:
    serializedVersion: 2
    m_Bits: 0
  m_ExcludeLayers:
    serializedVersion: 2
    m_Bits: 0
  m_LayerOverridePriority: 0
  m_IsTrigger: 0
  m_ProvidesContacts: 0
  m_Enabled: 1
  serializedVersion: 3
  m_Size: {x: 1.984032, y: 1.26265, z: 1.98395}
  m_Center: {x: 0.00006699562, y: 0.0024909973, z: 0.00006300211}
--- !u!1 &1720728705431219822
GameObject:
  m_ObjectHideFlags: 0
  m_CorrespondingSourceObject: {fileID: 0}
  m_PrefabInstance: {fileID: 0}
  m_PrefabAsset: {fileID: 0}
  serializedVersion: 6
  m_Component:
  - component: {fileID: 8425427990134641142}
  - component: {fileID: 3443690494344499298}
  m_Layer: 0
  m_Name: GrabInteractable
  m_TagString: Untagged
  m_Icon: {fileID: 0}
  m_NavMeshLayer: 0
  m_StaticEditorFlags: 0
  m_IsActive: 1
--- !u!4 &8425427990134641142
Transform:
  m_ObjectHideFlags: 0
  m_CorrespondingSourceObject: {fileID: 0}
  m_PrefabInstance: {fileID: 0}
  m_PrefabAsset: {fileID: 0}
  m_GameObject: {fileID: 1720728705431219822}
  m_LocalRotation: {x: -0.000000029802322, y: 0.802595, z: -0, w: 0.5965243}
  m_LocalPosition: {x: 35.699196, y: -9.081496, z: 21.455206}
  m_LocalScale: {x: 35.59694, y: 35.59694, z: 35.59694}
  m_ConstrainProportionsScale: 0
  m_Children: []
  m_Father: {fileID: 905496846532846901}
  m_RootOrder: -1
  m_LocalEulerAnglesHint: {x: 0, y: 0, z: 0}
--- !u!114 &3443690494344499298
MonoBehaviour:
  m_ObjectHideFlags: 0
  m_CorrespondingSourceObject: {fileID: 0}
  m_PrefabInstance: {fileID: 0}
  m_PrefabAsset: {fileID: 0}
  m_GameObject: {fileID: 1720728705431219822}
  m_Enabled: 1
  m_EditorHideFlags: 0
  m_Script: {fileID: 11500000, guid: 5a1bc992571301d4a9602ac95ef4c71a, type: 3}
  m_Name: 
  m_EditorClassIdentifier: 
  _interactorFilters: []
  _maxInteractors: -1
  _maxSelectingInteractors: -1
  _data: {fileID: 0}
  _pointableElement: {fileID: 318331306603880826}
  _rigidbody: {fileID: 8726774594526972307}
  _grabSource: {fileID: 0}
  _useClosestPointAsGrabSource: 1
  _releaseDistance: 0
  _resetGrabOnGrabsUpdated: 1
  _physicsGrabbable: {fileID: 4878263985066433460}
--- !u!1 &3786433951715475226
GameObject:
  m_ObjectHideFlags: 0
  m_CorrespondingSourceObject: {fileID: 0}
  m_PrefabInstance: {fileID: 0}
  m_PrefabAsset: {fileID: 0}
  serializedVersion: 6
  m_Component:
  - component: {fileID: 3128497942963928490}
  - component: {fileID: 7766377278989942616}
  - component: {fileID: 405264350720932726}
  m_Layer: 0
  m_Name: default
  m_TagString: Untagged
  m_Icon: {fileID: 0}
  m_NavMeshLayer: 0
  m_StaticEditorFlags: 0
  m_IsActive: 1
--- !u!4 &3128497942963928490
Transform:
  m_ObjectHideFlags: 0
  m_CorrespondingSourceObject: {fileID: 0}
  m_PrefabInstance: {fileID: 0}
  m_PrefabAsset: {fileID: 0}
  m_GameObject: {fileID: 3786433951715475226}
  m_LocalRotation: {x: 0, y: -0, z: -0, w: 1}
  m_LocalPosition: {x: -0, y: 0, z: 0}
  m_LocalScale: {x: 1, y: 1, z: 1}
  m_ConstrainProportionsScale: 0
  m_Children: []
  m_Father: {fileID: 905496846532846901}
  m_RootOrder: -1
  m_LocalEulerAnglesHint: {x: 0, y: 0, z: 0}
--- !u!33 &7766377278989942616
MeshFilter:
  m_ObjectHideFlags: 0
  m_CorrespondingSourceObject: {fileID: 0}
  m_PrefabInstance: {fileID: 0}
  m_PrefabAsset: {fileID: 0}
  m_GameObject: {fileID: 3786433951715475226}
  m_Mesh: {fileID: -2432090755550338912, guid: 8b5e424b20c56f5499f734f9acefb213, type: 3}
--- !u!23 &405264350720932726
MeshRenderer:
  m_ObjectHideFlags: 0
  m_CorrespondingSourceObject: {fileID: 0}
  m_PrefabInstance: {fileID: 0}
  m_PrefabAsset: {fileID: 0}
  m_GameObject: {fileID: 3786433951715475226}
  m_Enabled: 1
  m_CastShadows: 1
  m_ReceiveShadows: 1
  m_DynamicOccludee: 1
  m_StaticShadowCaster: 0
  m_MotionVectors: 1
  m_LightProbeUsage: 1
  m_ReflectionProbeUsage: 1
  m_RayTracingMode: 2
  m_RayTraceProcedural: 0
  m_RenderingLayerMask: 1
  m_RendererPriority: 0
  m_Materials:
  - {fileID: 2100000, guid: 6c75e6587a32bf343b1581a6464633ec, type: 2}
  m_StaticBatchInfo:
    firstSubMesh: 0
    subMeshCount: 0
  m_StaticBatchRoot: {fileID: 0}
  m_ProbeAnchor: {fileID: 0}
  m_LightProbeVolumeOverride: {fileID: 0}
  m_ScaleInLightmap: 1
  m_ReceiveGI: 1
  m_PreserveUVs: 0
  m_IgnoreNormalsForChartDetection: 0
  m_ImportantGI: 0
  m_StitchLightmapSeams: 1
  m_SelectedEditorRenderState: 3
  m_MinimumChartSize: 4
  m_AutoUVMaxDistance: 0.5
  m_AutoUVMaxAngle: 89
  m_LightmapParameters: {fileID: 0}
  m_SortingLayerID: 0
  m_SortingLayer: 0
  m_SortingOrder: 0
  m_AdditionalVertexStreams: {fileID: 0}
--- !u!1 &8500669853604958237
GameObject:
  m_ObjectHideFlags: 0
  m_CorrespondingSourceObject: {fileID: 0}
  m_PrefabInstance: {fileID: 0}
  m_PrefabAsset: {fileID: 0}
  serializedVersion: 6
  m_Component:
  - component: {fileID: 7513884897200064611}
  - component: {fileID: 8913171028614506456}
  m_Layer: 0
  m_Name: HandGrabInteractable
  m_TagString: Untagged
  m_Icon: {fileID: 0}
  m_NavMeshLayer: 0
  m_StaticEditorFlags: 0
  m_IsActive: 1
--- !u!4 &7513884897200064611
Transform:
  m_ObjectHideFlags: 0
  m_CorrespondingSourceObject: {fileID: 0}
  m_PrefabInstance: {fileID: 0}
  m_PrefabAsset: {fileID: 0}
  m_GameObject: {fileID: 8500669853604958237}
  m_LocalRotation: {x: -0.000000029802322, y: 0.802595, z: -0, w: 0.5965243}
  m_LocalPosition: {x: 35.699196, y: -9.081496, z: 21.455206}
  m_LocalScale: {x: 35.59694, y: 35.59694, z: 35.59694}
  m_ConstrainProportionsScale: 0
  m_Children: []
  m_Father: {fileID: 905496846532846901}
  m_RootOrder: -1
  m_LocalEulerAnglesHint: {x: 0, y: 0, z: 0}
--- !u!114 &8913171028614506456
MonoBehaviour:
  m_ObjectHideFlags: 0
  m_CorrespondingSourceObject: {fileID: 0}
  m_PrefabInstance: {fileID: 0}
  m_PrefabAsset: {fileID: 0}
  m_GameObject: {fileID: 8500669853604958237}
  m_Enabled: 1
  m_EditorHideFlags: 0
  m_Script: {fileID: 11500000, guid: e9a7676b01585ce43908639a27765dfc, type: 3}
  m_Name: 
  m_EditorClassIdentifier: 
  _interactorFilters: []
  _maxInteractors: -1
  _maxSelectingInteractors: -1
  _data: {fileID: 0}
  _pointableElement: {fileID: 318331306603880826}
  _rigidbody: {fileID: 8726774594526972307}
  _physicsGrabbable: {fileID: 0}
  _resetGrabOnGrabsUpdated: 1
  _scoringModifier:
    _positionRotationWeight: 0.8
  _slippiness: 0
  _supportedGrabTypes: 3
  _pinchGrabRules:
    _thumbRequirement: 1
    _indexRequirement: 1
    _middleRequirement: 1
    _ringRequirement: 0
    _pinkyRequirement: 0
    _unselectMode: 0
  _palmGrabRules:
    _thumbRequirement: 1
    _indexRequirement: 2
    _middleRequirement: 2
    _ringRequirement: 2
    _pinkyRequirement: 1
    _unselectMode: 0
  _movementProvider: {fileID: 0}
  _handAligment: 1
  _handGrabPoses: []
